<record><leader>00000cas a2200000 a 4500</leader><controlfield tag="001">5917782</controlfield><controlfield tag="008">800128d197119uucaubr ne      0    0chi c</controlfield><datafield ind1=" " ind2=" " tag="010"><subfield code="a">sn 94053394 </subfield></datafield><datafield ind1=" " ind2=" " tag="040"><subfield code="a">CLU</subfield><subfield code="b">eng</subfield><subfield code="c">CLU</subfield><subfield code="d">UCU</subfield><subfield code="d">CNW</subfield><subfield code="d">CNK</subfield><subfield code="d">WAU</subfield><subfield code="d">NYS</subfield><subfield code="d">DLC</subfield><subfield code="d">OCLCQ</subfield><subfield code="d">OCLCO</subfield><subfield code="d">OCLCF</subfield><subfield code="d">WAU</subfield><subfield code="d">OCLCO</subfield></datafield><datafield ind1=" " ind2=" " tag="066"><subfield code="c">$1</subfield></datafield><datafield ind1=" " ind2=" " tag="012"><subfield code="i">9611</subfield></datafield><datafield ind1="1" ind2=" " tag="029"><subfield code="a">AU@</subfield><subfield code="b">000015726780</subfield></datafield><datafield ind1="0" ind2=" " tag="041"><subfield code="a">chi</subfield><subfield code="a">eng</subfield></datafield><datafield ind1=" " ind2=" " tag="042"><subfield code="a">pcc</subfield></datafield><datafield ind1=" " ind2=" " tag="043"><subfield code="a">n-us-ca</subfield></datafield><datafield ind1="0" ind2="0" tag="245"><subfield code="6">880-01</subfield><subfield code="a">Wei min bao =</subfield><subfield code="b">Wei min.</subfield></datafield><datafield ind1="3" ind2="1" tag="246"><subfield code="a">Wei min</subfield></datafield><datafield ind1=" " ind2=" " tag="260"><subfield code="a">San Francisco, Calif. :</subfield><subfield code="b">Wei Min She</subfield></datafield><datafield ind1=" " ind2=" " tag="300"><subfield code="a">v.</subfield></datafield><datafield ind1=" " ind2=" " tag="310"><subfield code="a">Bimonthly,</subfield><subfield code="b">&lt;Apr./May-June/July, 1975&gt;</subfield></datafield><datafield ind1=" " ind2=" " tag="321"><subfield code="a">Frequency varies,</subfield><subfield code="b">Oct. 1971-&lt;Sept. 1974&gt;</subfield></datafield><datafield ind1="0" ind2=" " tag="362"><subfield code="a">Vol. 1, no. 1 (Oct. 1971)-</subfield></datafield><datafield ind1=" " ind2=" " tag="385"><subfield code="n">eth</subfield><subfield code="a">Chinese Americans</subfield><subfield code="2">lcsh</subfield></datafield><datafield ind1=" " ind2=" " tag="500"><subfield code="a">"Chinese community news", 1971-Mar/Apr 1974; "Community news", May 1974; "Asian American news", June 1974-</subfield></datafield><datafield ind1=" " ind2=" " tag="546"><subfield code="a">In Chinese and English.</subfield></datafield><datafield ind1=" " ind2="0" tag="650"><subfield code="a">Asian Americans</subfield><subfield code="z">California</subfield><subfield code="v">Newspapers.</subfield></datafield><datafield ind1=" " ind2="0" tag="650"><subfield code="a">Chinese</subfield><subfield code="z">United States</subfield><subfield code="v">Newspapers.</subfield></datafield><datafield ind1=" " ind2="0" tag="650"><subfield code="a">Chinese Americans</subfield><subfield code="z">California</subfield><subfield code="v">Newspapers.</subfield></datafield><datafield ind1=" " ind2="0" tag="650"><subfield code="a">Labor movement</subfield><subfield code="z">United States</subfield><subfield code="v">Newspapers.</subfield></datafield><datafield ind1=" " ind2="0" tag="650"><subfield code="a">Social movements</subfield><subfield code="z">United States</subfield><subfield code="v">Newspapers.</subfield></datafield><datafield ind1=" " ind2="0" tag="651"><subfield code="a">San Francisco (Calif.)</subfield><subfield code="v">Newspapers.</subfield></datafield><datafield ind1=" " ind2="7" tag="650"><subfield code="a">Asian Americans.</subfield><subfield code="2">fast</subfield><subfield code="0">(OCoLC)fst00818620</subfield></datafield><datafield ind1=" " ind2="7" tag="650"><subfield code="a">Chinese.</subfield><subfield code="2">fast</subfield><subfield code="0">(OCoLC)fst00857169</subfield></datafield><datafield ind1=" " ind2="7" tag="650"><subfield code="a">Chinese Americans.</subfield><subfield code="2">fast</subfield><subfield code="0">(OCoLC)fst00857249</subfield></datafield><datafield ind1=" " ind2="7" tag="650"><subfield code="a">Labor movement.</subfield><subfield code="2">fast</subfield><subfield code="0">(OCoLC)fst00990079</subfield></datafield><datafield ind1=" " ind2="7" tag="650"><subfield code="a">Social movements.</subfield><subfield code="2">fast</subfield><subfield code="0">(OCoLC)fst01122657</subfield></datafield><datafield ind1=" " ind2="7" tag="651"><subfield code="a">California.</subfield><subfield code="2">fast</subfield><subfield code="0">(OCoLC)fst01204928</subfield></datafield><datafield ind1=" " ind2="7" tag="651"><subfield code="a">California</subfield><subfield code="z">San Francisco.</subfield><subfield code="2">fast</subfield><subfield code="0">(OCoLC)fst01204481</subfield></datafield><datafield ind1=" " ind2="7" tag="651"><subfield code="a">United States.</subfield><subfield code="2">fast</subfield><subfield code="0">(OCoLC)fst01204155</subfield></datafield><datafield ind1=" " ind2="7" tag="655"><subfield code="a">Newspapers.</subfield><subfield code="2">fast</subfield><subfield code="0">(OCoLC)fst01423814</subfield></datafield><datafield ind1=" " ind2="7" tag="655"><subfield code="a">Chinese American newspapers.</subfield><subfield code="2">ngl</subfield></datafield><datafield ind1="2" ind2=" " tag="710"><subfield code="6">880-02</subfield><subfield code="a">Wei Min She&#768;.</subfield></datafield><datafield ind1=" " ind2=" " tag="752"><subfield code="a">United States</subfield><subfield code="b">California</subfield><subfield code="c">San Francisco</subfield><subfield code="d">San Francisco.</subfield></datafield><datafield ind1=" " ind2=" " tag="850"><subfield code="a">WaU</subfield></datafield><datafield ind1="0" ind2="0" tag="880"><subfield code="6">245-01/$1</subfield><subfield code="a">&#28858;&#27665;&#22577; =</subfield><subfield code="b">Wei min.</subfield></datafield><datafield ind1="2" ind2=" " tag="880"><subfield code="6">710-02/$1</subfield><subfield code="a">&#28858;&#27665;&#31038;.</subfield></datafield></record>